@article{Wallace:2004:SPR:975817.975819,
	author = {Wallace, Linda and Keil, Mark},
	title = {Software Project Risks and Their Effect on Outcomes},
	journal = {Commun. ACM},
	issue_date = {April 2004},
	volume = {47},
	number = {4},
	month = apr,
	year = {2004},
	issn = {0001-0782},
	pages = {68--73},
	numpages = {6},
	url = {http://doi.acm.org/10.1145/975817.975819},
	doi = {10.1145/975817.975819},
	acmid = {975819},
	publisher = {ACM},
	address = {New York, NY, USA},
} 
@article{poitour,
    author = "Fabio Scala",
    title = "POI Tour – Personalisierter Tourenplaner für Fussgänger",
    year = 2014,
 }
 @article{wohnortfinder,
 	author="Laurin Murer, Remo Liebi",
 	title= "Wohnortfinder Zürioberland",
 	year=2014}
@online{agilemanifesto,
    author    = "Mike Beedle and Arie van Bennekum and Alistair Cockburn and Ward Cunningham and Martin Fowler and Jim Highsmith and Andrew Hunt and Ron Jeffries and Jon Kern and Brian Marick and Robert C. Martin and Jeff Sutherland and Dave Thomas",
    title     = "Manifesto for Agile Software Development",
    url       = "http://agilemanifesto.org/",
    year     = "2001",
    urldate  = "2014-09-18",
}

@online{scrum,
	title = {Scrum Illustration},
	url = {http://www.mountaingoatsoftware.com/agile/scrum/images},
	urldate  = "2014-09-18",
	year = {2005},
}

@book{boehm,
	author = {Barry W. Boehm},
	title = {Software Risk Management},
	date = {1989-08-01},
	language = {English},
	publisher = {IEEE Computer Society Press},
	isbn = {978-0818689062},
	pagetotal = {450},
}

@online{risk,
	author = {Tharwon Arnuphaptrairong},
	title = {Top Ten Lists of Software Project Risks},
	date = {2011-03},
	url = {http://www.uio.no/studier/emner/matnat/ifi/INF5181/h14/pensumliste/microsoft-word---iaeng-top-ten-lists-of-software-project-risk1---imecs2011_pp732-737.pdf},
	subtitle = {Evidence from the Literature Survey},
	language = {English},
	organization = {organization},
	%month = {03},
	%year = {2011},
	urldate = {2014-09-21},
}

@misc{google-trends,
	author = {Google Inc.},
	title = {Google Trends},
	type = {Data},
	organization = {Google Inc.},
	url = {http://www.google.com/trends/},
}

@online{eosmdbone,
	author = {GISpunkt Wiki Mitwirkende},
	title = {EOSMDBOne},
	url = {http://giswiki.hsr.ch/EOSMDBOne},
	Ourldate = {2014-10},
}

@misc{sfkeller,
	author = {Keller, Stefan},
	howpublished = "Persönliche Kommunikation mit Prof. S. Keller"
}

@online{what-is-dat,
	title = {What is dat},
	author = {Max Ogden and dat Community},
	url = {https://github.com/maxogden/dat/blob/master/docs/what-is-dat.md},
	urldate  = "2015-02-16",
}

@online{dat-js-api,
	title = {dat JavaScript API},
	url = {https://github.com/maxogden/dat/blob/master/docs/js-api.md},
	urldate  = "2015-02-16",
}

@online{dat-funding,
	title = {Sloan Funding Dat Development},
	author = {Waldo Jaquith},
	url = {https://usopendata.org/2014/04/02/dat/},
	urldate  = "2015-02-28",
}

@online{levelup-readme,
	title = {LevelUP README},
	author = {Rod Vagg and Die LevelUP Community},
	url = {https://github.com/rvagg/node-levelup/blob/master/README.md},
	urldate  = "2015-02-23",
}

@online{vagrant-deployment,
	title = {Vagrant Deployment},
	url = {http://de.wikipedia.org/w/index.php?title=Vagrant_(Software)&oldid=138862821#Deployment},
	urldate = "2015-03-02"
}

@online{angular-styleguide,
	title = {Angular Style Guide},
	author = {John Papa and Die AngularJS Community},
	url = {https://github.com/johnpapa/angular-styleguide},
	urldate = "2015-03-09"
}

@online{petl,
	title = {petl Dokumentation},
	author = {Alistair Miles},
	url = {http://petl.readthedocs.org/},
	urldate = "2015-03-14"
}

@online{ogrtools,
	title= {ogrtools GitHub Repository},
	author = {Pirmin Kalberer},
	url = {https://github.com/sourcepole/ogrtools},
	urldate = "2015-03-28"
}

@online{pandasMergePerformance,
	title= {High performance database joins with pandas DataFrame, more benchmarks},
	author = {Wes McKinney},
	url = {http://wesmckinney.com/blog/high-performance-database-joins-with-pandas-dataframe-more-benchmarks/},
	urldate = "2015-04-08"
}

@unpublished{rahmenvorst-interlisopen,
   title = {Rahmenvorstellung Interlis - Open},
   author = {Josef Dorfschmid, Adasys AG},
   note = {Zur Verfügung gestellt vom Betreuer},
   year = {2015},
   month = {05}
}

@online{herokuReadOnlyFilesystem,
	title={Heroku: Read Only File System (Bamboo stack)},
	url={https://devcenter.heroku.com/articles/read-only-filesystem},
	urldate="2015-03-10"
}

@online{herokuEphemeralFilesystem,
	title={Heroku Dynos: Ephemeral File System (Cedar stack)},
	url={https://devcenter.heroku.com/articles/dynos\#ephemeral-filesystem},
	urldate="2015-03-10"
}


@online{gdal-csv,
	title={GDAL Driver: Comma Separated Value},
	url={http://www.gdal.org/drv_csv.html},
	urldate="2015-04-30"
}

@online{geocsv,
	title={GeoCSV \textendash\ GISpunkt HSR},
	url={http://giswiki.hsr.ch/GeoCSV},
	urldate="2015-04-30"
}

